<?xml version="1.0" encoding="UTF-8"?><collection xmlns="http://www.loc.gov/MARC21/slim"><record><leader>00605nam--2200169-i-4500</leader><controlfield tag="001">000010890</controlfield><controlfield tag="002">20161230</controlfield><controlfield tag="005">20170116001524</controlfield><controlfield tag="008">060222s1000------------r-----000-0-eng-d</controlfield><datafield ind1=" " ind2=" " tag="080"><subfield code="a">669.017.3(043):621.318.1(043)</subfield></datafield><datafield ind1=" " ind2=" " tag="100"><subfield code="a">Arzalier, M.M</subfield></datafield><datafield ind1=" " ind2=" " tag="245"><subfield code="a">Sur l interpretation des structures obtenues lorsqu un alliage est refroidi rapidement a une temperature ou sa structure d equilibre est soit monophasee soit biphasee. Application a la ferrites</subfield><subfield code="b">these</subfield></datafield><datafield ind1=" " ind2=" " tag="260"><subfield code="a">Paris Vi</subfield><subfield code="b">Universite Paris Vi</subfield><subfield code="c">1971</subfield></datafield><datafield ind1=" " ind2=" " tag="300"><subfield code="a">104-115 p</subfield></datafield><datafield ind1=" " ind2=" " tag="490"><subfield code="a">A.O.6242</subfield></datafield><datafield ind1=" " ind2=" " tag="852"><subfield code="a">40321</subfield></datafield><datafield ind1=" " ind2=" " tag="CAT"><subfield code="a">SYS</subfield><subfield code="c">20170116</subfield><subfield code="h">001524</subfield></datafield></record></collection>